%% This BibTeX bibliography file was created using BibDesk.
%% https://bibdesk.sourceforge.io/

%% Created for Jiheng Zhang at 2021-09-26 11:12:02 +0800 


%% Saved with string encoding Unicode (UTF-8) 



@inproceedings{tighter_bound,
	address = {New York, NY, USA},
	author = {Ga\v{z}i, Peter and Kiayias, Aggelos and Russell, Alexander},
	booktitle = {Proceedings of the 2020 ACM SIGSAC Conference on Computer and Communications Security},
	pages = {819--838},
	publisher = {Association for Computing Machinery},
	series = {CCS '20},
	title = {Tight Consistency Bounds for Bitcoin},
	year = {2020}}

@inproceedings{better_method,
	address = {New York, NY, USA},
	author = {Kiffer, Lucianna and Rajaraman, Rajmohan and shelat, abhi},
	booktitle = {Proceedings of the 2018 ACM SIGSAC Conference on Computer and Communications Security},
	pages = {729--744},
	publisher = {Association for Computing Machinery},
	series = {CCS '18},
	title = {A Better Method to Analyze Blockchain Consistency},
	year = {2018}}

@book{sor,
	author = {Ross, Sheldon M and Kelly, John J and Sullivan, Roger J and Perry, William James and Mercer, Donald and Davis, Ruth M and Washburn, Thomas Dell and Sager, Earl V and Boyce, Joseph B and Bristow, Vincent L},
	publisher = {Wiley New York},
	title = {Stochastic processes},
	volume = {2},
	year = {1996}}

@article{markov_concentration,
	author = {Chung, Kai-Min and Lam, Henry and Liu, Zhenming and Mitzenmacher, Michael},
	journal = {arXiv preprint arXiv:1201.0559},
	title = {Chernoff-Hoeffding bounds for Markov chains: Generalized and simplified},
	year = {2012}}

@inproceedings{fork_org,
	author = {Kiayias, Aggelos and Russell, Alexander and David, Bernardo and Oliynykov, Roman},
	booktitle = {Annual International Cryptology Conference},
	organization = {Springer},
	pages = {357--388},
	title = {Ouroboros: A provably secure proof-of-stake blockchain protocol},
	year = {2017}}

@inproceedings{asynchronous_networks,
	author = {Pass, Rafael and Seeman, Lior and Shelat, Abhi},
	booktitle = {Annual International Conference on the Theory and Applications of Cryptographic Techniques},
	organization = {Springer},
	pages = {643--673},
	title = {Analysis of the blockchain protocol in asynchronous networks},
	year = {2017}}

@article{ren2019analysis,
	author = {Ren, Ling},
	journal = {IACR Cryptol. ePrint Arch.},
	pages = {943},
	title = {Analysis of Nakamoto Consensus.},
	volume = {2019},
	year = {2019}}

@misc{Full-analysis-backbone,
	author = {Juan Garay and Aggelos Kiayias and Nikos Leonardos},
	howpublished = {Cryptology ePrint Archive, Report 2020/277},
	title = {Full Analysis of Nakamoto Consensus in Bounded-Delay Networks},
	year = {2020}}

@inproceedings{flyclient,
	author = {B{\"u}nz, Benedikt and Kiffer, Lucianna and Luu, Loi and Zamani, Mahdi},
	booktitle = {2020 IEEE Symposium on Security and Privacy (SP)},
	pages = {928-946},
	title = {FlyClient: Super-Light Clients for Cryptocurrencies},
	year = {2020}}

@inproceedings{PPoW,
	author = {Kiayias, Aggelos and Lamprou, Nikolaos and Stouka, Aikaterini-Panagiota},
	booktitle = {International Conference on Financial Cryptography and Data Security},
	organization = {Springer},
	pages = {61--78},
	title = {Proofs of proofs of work with sublinear complexity},
	year = {2016}}

@misc{Backbone,
	author = {Juan Garay and Aggelos Kiayias and Nikos Leonardos},
	howpublished = {Cryptology ePrint Archive, Report 2014/765},
	title = {The Bitcoin Backbone Protocol: Analysis and Applications},
	year = {2014}}

@inproceedings{backbone_variable_difficulty,
	author = {Garay, Juan and Kiayias, Aggelos and Leonardos, Nikos},
	booktitle = {Annual International Cryptology Conference},
	organization = {Springer},
	pages = {291--323},
	title = {The bitcoin backbone protocol with chains of variable difficulty},
	year = {2017}}

@misc{nakamoto2012bitcoin,
	author = {Nakamoto, Satoshi},
	title = {Bitcoin: A peer-to-peer electronic cash system},
	year = {2009}}

@inproceedings{backbone_protocol,
	author = {Juan A. Garay and Aggelos Kiayias and Nikos Leonardos},
	booktitle = {EUROCRYPT (2)},
	pages = {281-310},
	publisher = {Springer},
	title = {The Bitcoin Backbone Protocol: Analysis and Applications},
	year = {2015}}

@inproceedings{Proofs_of_proofs_of_work,
	address = {Berlin, Heidelberg},
	author = {Kiayias, Aggelos and Lamprou, Nikolaos and Stouka, Aikaterini-Panagiota},
	booktitle = {Financial Cryptography and Data Security},
	editor = {Clark, Jeremy and Meiklejohn, Sarah and Ryan, Peter Y.A. and Wallach, Dan and Brenner, Michael and Rohloff, Kurt},
	pages = {61--78},
	publisher = {Springer Berlin Heidelberg},
	title = {Proofs of Proofs of Work with Sublinear Complexity},
	year = {2016}}

@inproceedings{ghost,
	author = {Sompolinsky, Yonatan and Zohar, Aviv},
	booktitle = {Financial Cryptography},
	editor = {B{\"o}hme, Rainer and Okamoto, Tatsuaki},
	pages = {507-527},
	publisher = {Springer},
	series = {Lecture Notes in Computer Science},
	title = {Secure High-Rate Transaction Processing in Bitcoin.},
	volume = 8975,
	year = 2015}

@article{conflux,
	author = {Li, Chenxing and Li, Peilun and Xu, Wei and Long, Fan and Yao, Andrew Chi-chih},
	journal = {arXiv preprint arXiv:1805.03870},
	title = {Scaling Nakamoto Consensus to Thousands of Transactions per Second},
	year = {2018}}

@misc{SPECTRE,
	author = {Yonatan Sompolinsky and Yoad Lewenberg and Aviv Zohar},
	howpublished = {Cryptology ePrint Archive, Report 2016/1159},
	title = {SPECTRE: A Fast and Scalable Cryptocurrency Protocol},
	year = {2016}}

@misc{GHOSTDAG,
	author = {Yonatan Sompolinsky and Shai Wyborski and Aviv Zohar},
	howpublished = {Cryptology ePrint Archive, Report 2018/104},
	title = {PHANTOM and GHOSTDAG: A Scalable Generalization of Nakamoto Consensus},
	year = {2018}}

@inproceedings{OHIE,
	author = {Yu, Haifeng and Nikoli{\'c}, Ivica and Hou, Ruomu and Saxena, Prateek},
	booktitle = {2020 IEEE Symposium on Security and Privacy (SP)},
	pages = {90-105},
	title = {OHIE: Blockchain Scaling Made Simple},
	year = {2020}}

@inproceedings{Chainweb,
	author = {W. Martino and Monica Quaintance and Stuart Popejoy},
	title = {Chainweb : A Proof-of-Work Parallel-Chain Architecture for Massive Throughput},
	year = {2018}}

@inproceedings{BitcoinNG,
	address = {Santa Clara, CA},
	author = {Ittay Eyal and Adem Efe Gencer and Emin Gun Sirer and Robbert Van Renesse},
	booktitle = {13th {USENIX} Symposium on Networked Systems Design and Implementation ({NSDI} 16)},
	month = mar,
	pages = {45--59},
	publisher = {{USENIX} Association},
	title = {Bitcoin-NG: A Scalable Blockchain Protocol},
	year = {2016}}

@inproceedings{FruitChain,
	address = {New York, NY, USA},
	author = {Pass, Rafael and Shi, Elaine},
	booktitle = {Proceedings of the ACM Symposium on Principles of Distributed Computing},
	pages = {315--324},
	publisher = {Association for Computing Machinery},
	series = {PODC '17},
	title = {FruitChains: A Fair Blockchain},
	year = {2017}}

@inproceedings{Prism,
	address = {New York, NY, USA},
	author = {Bagaria, Vivek and Kannan, Sreeram and Tse, David and Fanti, Giulia and Viswanath, Pramod},
	booktitle = {Proceedings of the 2019 ACM SIGSAC Conference on Computer and Communications Security},
	pages = {585--602},
	publisher = {Association for Computing Machinery},
	series = {CCS '19},
	title = {Prism: Deconstructing the Blockchain to Approach Physical Limits},
	year = {2019}}

@inproceedings{GHOST_analysis,
	author = {Kiayias, Aggelos and Panagiotakos, Giorgos},
	booktitle = {International Conference on Cryptology and Information Security in Latin America},
	organization = {Springer},
	pages = {327--351},
	title = {On trees, chains and fast transactions in the blockchain},
	year = {2017}}

@article{Speed_Security_Tradeoffs,
	author = {Kiayias, Aggelos and Panagiotakos, Giorgos},
	journal = {IACR Cryptol. ePrint Arch.},
	pages = {1019},
	title = {Speed-Security Tradeoffs in Blockchain Protocols.},
	volume = {2015},
	year = {2015}}

@inproceedings{SoK_Consensus,
	address = {New York, NY, USA},
	author = {Bano, Shehar and Sonnino, Alberto and Al-Bassam, Mustafa and Azouvi, Sarah and McCorry, Patrick and Meiklejohn, Sarah and Danezis, George},
	booktitle = {Proceedings of the 1st ACM Conference on Advances in Financial Technologies},
	pages = {183--198},
	publisher = {Association for Computing Machinery},
	series = {AFT '19},
	title = {SoK: Consensus in the Age of Blockchains},
	year = {2019}}

@article{SoK_DAG,
	author = {Qin Wang and Jiangshan Yu and Shiping Chen and Yang Xiang},
	journal = {CoRR},
	title = {SoK: Diving into DAG-based Blockchain Systems},
	volume = {abs/2012.06128},
	year = {2020}}

@article{Subchains,
	author = {Rizun, Peter R.},
	journal = {Ledger},
	month = {Dec.},
	pages = {38-52},
	title = {Subchains: A Technique to Scale Bitcoin and Improve the User Experience},
	volume = {1},
	year = {2016}}

@article{EPIC,
	author = {Jiahao He and Guangju Wang and Guangyuan Zhang and Jiheng Zhang},
	journal = {Blockchain: Research and Applications},
	pages = {100011},
	title = {Consensus Mechanism Design based on Structured Directed Acyclic Graphs},
	year = {2021}}

@misc{lightning-network,
	author = {Poon, Joseph and Dryja, Thaddeus},
	title = {The bitcoin lightning network: Scalable off-chain instant payments},
	year = {2016}}

@article{GHOST2,
	author = {Yonatan Sompolinsky and Aviv Zohar},
	journal = {{IACR} Cryptol. ePrint Arch.},
	pages = {881},
	title = {Accelerating Bitcoin's Transaction Processing. Fast Money Grows on Trees, Not Chains},
	volume = {2013},
	year = {2013}}

@misc{balance-attack,
	author = {Christopher Natoli and Vincent Gramoli},
	title = {The Balance Attack Against Proof-Of-Work Blockchains: The R3 Testbed as an Example},
	year = {2016}}

@misc{ghast,
	author = {Chenxing Li and Fan Long and Guang Yang},
	title = {GHAST: Breaking Confirmation Delay Barrier in Nakamoto Consensus via Adaptive Weighted Blocks},
	year = {2020}}

@article{phantom,
	author = {Sompolinsky, Yonatan and Zohar, Aviv},
	journal = {IACR Cryptology ePrint Archive, Report 2018/104},
	title = {Phantom},
	year = {2018}}

@article{solida,
	author = {Abraham, Ittai and Malkhi, Dahlia and Nayak, Kartik and Ren, Ling and Spiegelman, Alexander},
	journal = {arXiv preprint arXiv:1612.02916},
	title = {Solida: A blockchain protocol based on reconfigurable byzantine consensus},
	year = {2016}}

@inproceedings{decker2016bitcoin,
	author = {Decker, Christian and Seidel, Jochen and Wattenhofer, Roger},
	booktitle = {Proceedings of the 17th International Conference on Distributed Computing and Networking},
	pages = {1--10},
	title = {Bitcoin meets strong consistency},
	year = {2016}}

@inproceedings{kogias2016enhancing,
	author = {Kogias, Eleftherios Kokoris and Jovanovic, Philipp and Gailly, Nicolas and Khoffi, Ismail and Gasser, Linus and Ford, Bryan},
	booktitle = {25th $\{$usenix$\}$ security symposium ($\{$usenix$\}$ security 16)},
	pages = {279--296},
	title = {Enhancing bitcoin security and performance with strong consistency via collective signing},
	year = {2016}}

@inproceedings{pass2017hybrid,
	author = {Pass, Rafael and Shi, Elaine},
	booktitle = {31st International Symposium on Distributed Computing (DISC 2017)},
	organization = {Schloss Dagstuhl-Leibniz-Zentrum fuer Informatik},
	title = {Hybrid consensus: Efficient consensus in the permissionless model},
	year = {2017}}

@article{Nakamoto-Win,
	author = {Dembo, Amir and Kannan, Sreeram and Tas, Ertem Nusret and Tse, David and Viswanath, Pramod and Wang, Xuechao and Zeitouni, Ofer},
	journal = {Proceedings of the 2020 ACM SIGSAC Conference on Computer and Communications Security},
	month = {Oct},
	title = {Everything is a Race and Nakamoto Always Wins},
	year = {2020}}

@inproceedings{thunderella,
	author = {Pass Rafael and Shi Elaine},
	booktitle = {Annual International Conference on the Theory and Applications of Cryptographic Techniques},
	organization = {Springer},
	pages = {3--33},
	title = {Thunderella: Blockchains with optimistic instant confirmation},
	year = {2018}}

@inproceedings{inclusive,
	author = {Lewenberg, Yoad and Sompolinsky, Yonatan and Zohar, Aviv},
	booktitle = {International Conference on Financial Cryptography and Data Security},
	organization = {Springer},
	pages = {528--547},
	title = {Inclusive block chain protocols},
	year = {2015}}
